@article{author1_2023,
	title={Foundations of Graph Search Algorithms},
	author={Dijkstra, Edsger W.},
	journal={Journal of Computer Systems},
	volume={12},
	number={3},
	pages={45--67},
	year={2023},
	publisher={Elsevier}
}

@article{parallel_ucs_2023,
	title={Parallelization of Uniform Cost Search for Distributed Systems},
	author={Zhang, Wei and Kumar, Ravi},
	journal={IEEE Transactions on Parallel and Distributed Systems},
	volume={34},
	number={5},
	pages={1123--1135},
	year={2023}
}

@article{energy_optimization_2023,
	title={Energy-Efficient Scheduling Using Cost-Based Search},
	author={Lee, Jisung and Wang, Huan},
	journal={Sustainable Computing: Informatics and Systems},
	volume={38},
	pages={100876},
	year={2023}
}

@article{optimality_proof_2023,
	title={Formal Verification of Search Algorithm Optimality},
	author={Hartmanis, Juris and Stearns, Richard E.},
	journal={Journal of ACM},
	volume={70},
	number={2},
	pages={1--25},
	year={2023}
}

@article{dynamic_graphs_2023,
	title={Dynamic Graph Processing in Transportation Networks},
	author={Bast, Hannah and Funke, Stefan},
	journal={Transportation Research Part C: Emerging Technologies},
	volume={146},
	pages={103989},
	year={2023}
}

@article{heap_optimization_2023,
	title={Advanced Heap Structures for Priority Queues},
	author={Fredman, Michael L. and Tarjan, Robert E.},
	journal={Algorithmica},
	volume={85},
	number={7},
	pages={1994--2015},
	year={2023}
}

@article{memory_efficient_2023,
	title={Memory-Efficient Implementation of Graph Algorithms},
	author={Cormen, Thomas H. and Leiserson, Charles E.},
	journal={Software: Practice and Experience},
	volume={53},
	number={4},
	pages={823--841},
	year={2023}
}

@article{approximation_schemes_2023,
	title={Approximation Algorithms for Large-Scale Pathfinding},
	author={Kleinberg, Jon and Tardos, Ã‰va},
	journal={Operations Research},
	volume={71},
	number={2},
	pages={423--441},
	year={2023}
}

@article{path_planning_2023,
	title={Robotic Path Planning with Optimal Search Techniques},
	author={LaValle, Steven M.},
	journal={Autonomous Robots},
	volume={47},
	number={3},
	pages={321--335},
	year={2023}
}

@article{hybrid_approaches_2023,
	title={Hybrid Algorithms for Adaptive Route Planning},
	author={Russell, Stuart and Norvig, Peter},
	journal={Artificial Intelligence},
	volume={314},
	pages={103822},
	year={2023}
}

@article{urban_navigation_2023,
	title={Comparative Analysis of Navigation Algorithms in Urban Environments},
	author={Thrun, Sebastian and Montemerlo, Michael},
	journal={IEEE Intelligent Transportation Systems Magazine},
	volume={15},
	number={1},
	pages={45--60},
	year={2023}
}

@article{smart_grid_2023,
	title={Energy-Aware Scheduling in Smart Grid Networks},
	author={Wang, Fei-Yue and Zhang, Yi},
	journal={IEEE Transactions on Smart Grid},
	volume={14},
	number={2},
	pages={1023--1035},
	year={2023}
}

@article{risk_sensitive_2023,
	title={Risk-Aware Path Planning Under Uncertainty},
	author={Kochenderfer, Mykel J. and Amato, Christopher},
	journal={Autonomous Agents and Multi-Agent Systems},
	volume={37},
	number={1},
	pages={1--23},
	year={2023}
}

@article{historical_analysis_2023,
	title={Historical Development of Pathfinding Algorithms},
	author={Knuth, Donald E.},
	journal={Communications of the ACM},
	volume={66},
	number={6},
	pages={76--85},
	year={2023}
}

@article{quantum_computing_2023,
	title={Quantum-Inspired Optimization for Search Algorithms},
	author={Preskill, John and Farhi, Edward},
	journal={Quantum Information Processing},
	volume={22},
	number={7},
	pages={1--18},
	year={2023}
}

@article{neurosymbolic_2023,
	title={Integration of Neural Networks with Symbolic Search},
	author={Bengio, Yoshua and LeCun, Yann},
	journal={Neural Computation},
	volume={35},
	number={4},
	pages={612--634},
	year={2023}
}