@misc{maze_solving_algorithm,
  title = {Maze-solving algorithm},
  author = {{Wikipedia}},
  year = {2024},
  note = {\url{https://en.wikipedia.org/wiki/Maze-solving_algorithm}},
}

@book{russell_2018_artificial,
  author = {Russell, Stuart J and Norvig, Peter},
  publisher = {Pearson India Education Services Pvt. Ltd},
  title = {Artificial Intelligence : a modern approach},
  year = {2018}
}

@misc{mazemaster225_2007_maze,
  author = {mazemaster225},
  month = {12},
  title = {Maze to Tree},
  url = {https://www.youtube.com/watch?v=k1tSK5V1pds},
  urldate = {2024-12-22},
  year = {2007},
  organization = {YouTube}
}

@misc{think,
  title = {Think Labyrinth: Maze Algorithms},
  url = {https://www.astrolog.org/labyrnth/algrithm.htm#solve},
  organization = {www.astrolog.org}
}

@misc{wikipediacontributors_2019_breadthfirst,
  author = {Wikipedia Contributors},
  month = {05},
  publisher = {Wikimedia Foundation},
  title = {Breadth-first search},
  url = {https://en.wikipedia.org/wiki/Breadth-first_search},
  year = {2019},
  organization = {Wikipedia}
}

@misc{wikipediacontributors_2019_depthfirst,
  author = {Wikipedia Contributors},
  month = {05},
  publisher = {Wikimedia Foundation},
  title = {Depth-first search},
  url = {https://en.wikipedia.org/wiki/Depth-first_search},
  year = {2019},
  organization = {Wikipedia}
}

@misc{first_2020_breadth,
  author = {First, Breadth},
  month = {09},
  title = {Breadth First Search (BFS): Visualized and Explained},
  url = {https://youtu.be/xlVX7dXLS64},
  urldate = {2024-12-22},
  year = {2020},
  organization = {YouTube}
}

@misc{maze_2017_maze,
  author = {Maze, },
  month = {02},
  title = {Maze Solving - Computerphile},
  url = {https://youtu.be/rop0W4QDOUI},
  urldate = {2024-12-22},
  year = {2017},
  organization = {YouTube}
}